@book{apostol_1969, place={New York}, title={Calculus}, volume={2}, publisher={Wiley}, author={Apostol, Tom Mike.}, year={1969}}